
@article{dal2001red,

  title={La red de innovaciones en la investigación genómica en los Estados Unidos},

  author={Negraes, Dal and B.},

  journal={Journal of Genomic Research},

  year={2001},

  volume={15},

  pages={123-130}

}






@article{berenstein2014analisis,

  title={Análisis de redes genómicas},

  author={Berenstein, I. and others},

  journal={Revista de Biología},

  volume={10},

  number={2},

  pages={123-134},

  year={2014}

}
