@article{Zou2019,
   author = {Zhengxia Zou and Keyan Chen and Zhenwei Shi and Yuhong Guo and Jieping Ye},
   doi = {10.1109/JPROC.2023.3238524},
   issn = {15582256},
   issue = {3},
   journal = {Proceedings of the IEEE},
   keywords = {Computer vision,convolutional neural networks (CNNs),deep learning,object detection,technical evolution},
   month = {5},
   pages = {257-276},
   publisher = {Institute of Electrical and Electronics Engineers Inc.},
   title = {Object Detection in 20 Years: A Survey},
   volume = {111},
   url = {https://arxiv.org/pdf/1905.05055},
   year = {2019}
}
