@misc{strandbeest2024,
   author = {Theo Jansen},
   title = {Strandbeest - Home},
   year = {2024},
   url = {https://www.strandbeest.com/},
   note = {Accedido: 2024-07-15}
}
